% This file was created with JabRef 2.3.1.
% Encoding: UTF8



@Book{ELK,
author = {Saurabh Chhajed},
title = {Learning ELK Stack},
publisher = {Packt Publishing - ebooks Account },
year = {November 26, 2015},
}


@misc{JWT,
  title = {Introduction to JSON Web Tokens},
  howpublished = {\url{https://jwt.io/introduction/}},
  note = {Accessed: 2018-01-31}
}